@Book{thompson:99,
  author       = {Simon Thompson},
  title        = {The Craft of Functional Programming},
  publisher    = {Pearson Education Limited},
  year         = 1999,
  series       = {International Computer Science Series},
  address      = {Edinburgh Gate, England},
  edition      = {Second}
}
@Book{osullivan:rwh,
  author       = {Bryan O'Sullivan and Don Stewart and John Goerzen},
  title        = {Real World Haskell},
  publisher    = {O'Reilly Media},
  year         = 2008,
  url          = {http://book.realworldhaskell.org/read/using-parsec.html}
}
@Online{haskellwiki,
  editor       = {HaskellWiki},
  title        = {The Haskell Wiki},
  year         = 2013,
  url          = {https://wiki.haskell.org},
  month        = {September},
  urldate      = {2018-04}
}
@Online{hutton:computerphile,
  author       = {Sean Riley and Professor Graham Hutton},
  title        = {Computerphile: What is a Monad?},
  date         = {2017-11},
  url          = {https://youtu.be/t1e8gqXLbsU},
  organization = {YouTube},
  urldate      = {2018-04}
}
@Online{beckman:monad,
  author       = {Dr. Brian Beckman},
  title        = {Don't Fear the Monad},
  date         = {2012-11},
  url          = {https://youtu.be/ZhuHCtR3xq8},
  organization = {YouTube},
  urldate      = {2018-04}
}
